<record><leader>00000cas a22000007a 4500</leader><controlfield tag="001">18104672</controlfield><controlfield tag="008">880617d19221942nduwr ne      0    0eng d</controlfield><datafield ind1=" " ind2=" " tag="010"><subfield code="a">sn 88076039 </subfield></datafield><datafield ind1=" " ind2=" " tag="040"><subfield code="a">NOP</subfield><subfield code="b">eng</subfield><subfield code="c">NOP</subfield><subfield code="d">OCLCQ</subfield></datafield><datafield ind1=" " ind2=" " tag="042"><subfield code="a">msc</subfield></datafield><datafield ind1="0" ind2="0" tag="245"><subfield code="a">Van Hook reporter.</subfield></datafield><datafield ind1=" " ind2=" " tag="260"><subfield code="a">Van Hook, N.D. :</subfield><subfield code="b">C.C. Heidenberg</subfield></datafield><datafield ind1=" " ind2=" " tag="300"><subfield code="a">28 v. :</subfield><subfield code="b">ill.</subfield></datafield><datafield ind1=" " ind2=" " tag="310"><subfield code="a">Weekly</subfield></datafield><datafield ind1="0" ind2=" " tag="362"><subfield code="a">Vol. 1, no. 1 (Aug. 18, 1922)-v. 28, no. 43 (June 25, 1942).</subfield></datafield><datafield ind1=" " ind2=" " tag="500"><subfield code="a">"Official Paper Village of Van Hook."</subfield></datafield><datafield ind1=" " ind2=" " tag="530"><subfield code="a">Available on microfilm from the State Historical Society of North Dakota.</subfield></datafield><datafield ind1=" " ind2=" " tag="752"><subfield code="a">United States</subfield><subfield code="b">North Dakota</subfield><subfield code="c">Mountrail</subfield><subfield code="d">Van Hook.</subfield></datafield><datafield ind1="0" ind2="5" tag="780"><subfield code="t">Van Hook tribune</subfield><subfield code="w">(DLC)sn 87096026</subfield></datafield><datafield ind1="0" ind2="7" tag="785"><subfield code="t">Parshall plainsman</subfield><subfield code="w">(DLC)sn 88076040</subfield></datafield><datafield ind1="0" ind2="7" tag="785"><subfield code="t">Mountrail County record</subfield><subfield code="w">(DLC)sn 88076041</subfield></datafield></record>